
@online{AML_SKRIPT,
author = {Prof. Dr.-Ing. Roland Lachmayer},
title = {Kleine Laborarbeit Optomechatronik},
year = {2019},
url = {https://studip.uni-hannover.de/sendfile.php?type=0&file_id=5f85d6fac8bb57a408476fecdb0000c6&file_name=Kleine+Laborarbeit+Optomechatronik+am+IPeG+WiSem+19.pdf},
OPTsubtitle = {Skript zum Versuch},
OPTversion = {9. Auflage},
OPTorganization = {IPeG},
}

@online{TRI_STIM,
author = {?},
title = {CIE 15 Tables},
year = {2004},
url = {https://law.resource.org/pub/us/cfr/ibr/003/cie.15.2004.tables.xls}
}